%%REFERENCIAS ESTRELLA --------------------------------------------------------------

@article{estrella1,
  title={Mastering Data Warehouse Desing, Relational and Dimensional Techiniques},
  author={Imhoff C, y Galemmo},
  journal={Wiley Publishing Inc.},
  pages={28--29},
  year={2003}
}

@article{estrella2,
  title={Metodolog{\'\i}as para desarrollar Almac{\'e}n de Datos.},
  author={Leonard Brizuela, Eric Ismael and Castro Blanco, Yudi},
  journal={Revista de arquitectura e Ingenier{\'\i}a},
  volume={7},
  number={3},
  year={2013},
  publisher={Empresa de Proyectos de Arquitectura e Ingenier{\'\i}a de Matanzas}
}


%%REFERENCIAS ROBLES --------------------------------------------------------------
@article{robles1,
  title={Metodolog{\'\i}as para desarrollar Almac{\'e}n de Datos.},
  author={Leonard Brizuela, Eric Ismael and Castro Blanco, Yudi},
  journal={Revista de arquitectura e Ingenier{\'\i}a},
  volume={7},
  number={3},
  year={2013},
  publisher={Empresa de Proyectos de Arquitectura e Ingenier{\'\i}a de Matanzas}
}




%%REFERENCIAS SOSA --------------------------------------------------------------






%%REFERENCIAS BEDOYA --------------------------------------------------------------